[gd_scene load_steps=20 format=2]

[ext_resource path="res://Enemies/zombie_spritemap.png" type="Texture" id=1]
[ext_resource path="res://Enemies/Enemy.gd" type="Script" id=2]
[ext_resource path="res://Enemies/blood_splatter_red.tres" type="Material" id=3]

[sub_resource type="OccluderPolygon2D" id=1]
closed = false
polygon = PoolVector2Array( -11.9277, 19.5109, -14.7756, 6.62029, -14.0973, -3.42238, -7.58084, -3.87203, -0.0863105, 1.67395, 3.96075, -5.22101, 9.43553, -6.12033, 13.7823, 3.92236, 12.1335, 18.162 )

[sub_resource type="Animation" id=2]
resource_name = "attacking1"
length = 0.7
tracks/0/type = "value"
tracks/0/path = NodePath("body/skin:frame")
tracks/0/interp = 1
tracks/0/loop_wrap = true
tracks/0/imported = false
tracks/0/enabled = true
tracks/0/keys = {
"times": PoolRealArray( 0, 0.6 ),
"transitions": PoolRealArray( 1, 1 ),
"update": 0,
"values": [ 10, 16 ]
}

[sub_resource type="Animation" id=3]
resource_name = "attacking2"
length = 0.3
tracks/0/type = "value"
tracks/0/path = NodePath("body/skin:frame")
tracks/0/interp = 1
tracks/0/loop_wrap = true
tracks/0/imported = false
tracks/0/enabled = true
tracks/0/keys = {
"times": PoolRealArray( 0, 0.25 ),
"transitions": PoolRealArray( 1, 1 ),
"update": 0,
"values": [ 17, 19 ]
}

[sub_resource type="Animation" id=4]
resource_name = "attacking3"
length = 0.3
tracks/0/type = "value"
tracks/0/path = NodePath("body/skin:frame")
tracks/0/interp = 1
tracks/0/loop_wrap = true
tracks/0/imported = false
tracks/0/enabled = true
tracks/0/keys = {
"times": PoolRealArray( 0, 0.25 ),
"transitions": PoolRealArray( 1, 1 ),
"update": 0,
"values": [ 13, 17 ]
}

[sub_resource type="Animation" id=5]
length = 10.0
tracks/0/type = "value"
tracks/0/path = NodePath("blood_splatter:emitting")
tracks/0/interp = 1
tracks/0/loop_wrap = true
tracks/0/imported = false
tracks/0/enabled = true
tracks/0/keys = {
"times": PoolRealArray( 0.1, 1 ),
"transitions": PoolRealArray( 1, 1 ),
"update": 1,
"values": [ true, false ]
}
tracks/1/type = "value"
tracks/1/path = NodePath("blood_splatter:amount")
tracks/1/interp = 1
tracks/1/loop_wrap = true
tracks/1/imported = false
tracks/1/enabled = true
tracks/1/keys = {
"times": PoolRealArray( 0.1 ),
"transitions": PoolRealArray( 1 ),
"update": 1,
"values": [ 128 ]
}
tracks/2/type = "method"
tracks/2/path = NodePath(".")
tracks/2/interp = 1
tracks/2/loop_wrap = true
tracks/2/imported = false
tracks/2/enabled = true
tracks/2/keys = {
"times": PoolRealArray( 10 ),
"transitions": PoolRealArray( 1 ),
"values": [ {
"args": [  ],
"method": "queue_free"
} ]
}
tracks/3/type = "value"
tracks/3/path = NodePath("blood_splatter:explosiveness")
tracks/3/interp = 1
tracks/3/loop_wrap = true
tracks/3/imported = false
tracks/3/enabled = true
tracks/3/keys = {
"times": PoolRealArray( 0.1 ),
"transitions": PoolRealArray( 1 ),
"update": 0,
"values": [ 0.99 ]
}
tracks/4/type = "value"
tracks/4/path = NodePath("body/skin:frame")
tracks/4/interp = 1
tracks/4/loop_wrap = true
tracks/4/imported = false
tracks/4/enabled = true
tracks/4/keys = {
"times": PoolRealArray( -0.1, 0.4 ),
"transitions": PoolRealArray( 1, 1 ),
"update": 0,
"values": [ 20, 23 ]
}
tracks/5/type = "value"
tracks/5/path = NodePath("body/skin:modulate")
tracks/5/interp = 1
tracks/5/loop_wrap = true
tracks/5/imported = false
tracks/5/enabled = true
tracks/5/keys = {
"times": PoolRealArray( 3, 10 ),
"transitions": PoolRealArray( 1, 1 ),
"update": 0,
"values": [ Color( 1, 1, 1, 1 ), Color( 1, 0, 0, 0 ) ]
}

[sub_resource type="Animation" id=6]
resource_name = "die2"
length = 10.0
tracks/0/type = "value"
tracks/0/path = NodePath("blood_splatter:emitting")
tracks/0/interp = 1
tracks/0/loop_wrap = true
tracks/0/imported = false
tracks/0/enabled = true
tracks/0/keys = {
"times": PoolRealArray( 0.1, 1 ),
"transitions": PoolRealArray( 1, 1 ),
"update": 1,
"values": [ true, false ]
}
tracks/1/type = "value"
tracks/1/path = NodePath("blood_splatter:amount")
tracks/1/interp = 1
tracks/1/loop_wrap = true
tracks/1/imported = false
tracks/1/enabled = true
tracks/1/keys = {
"times": PoolRealArray( 0.1 ),
"transitions": PoolRealArray( 1 ),
"update": 1,
"values": [ 128 ]
}
tracks/2/type = "method"
tracks/2/path = NodePath(".")
tracks/2/interp = 1
tracks/2/loop_wrap = true
tracks/2/imported = false
tracks/2/enabled = true
tracks/2/keys = {
"times": PoolRealArray( 10 ),
"transitions": PoolRealArray( 1 ),
"values": [ {
"args": [  ],
"method": "queue_free"
} ]
}
tracks/3/type = "value"
tracks/3/path = NodePath("blood_splatter:explosiveness")
tracks/3/interp = 1
tracks/3/loop_wrap = true
tracks/3/imported = false
tracks/3/enabled = true
tracks/3/keys = {
"times": PoolRealArray( 0.1 ),
"transitions": PoolRealArray( 1 ),
"update": 0,
"values": [ 0.99 ]
}
tracks/4/type = "value"
tracks/4/path = NodePath("body/skin:frame")
tracks/4/interp = 1
tracks/4/loop_wrap = true
tracks/4/imported = false
tracks/4/enabled = true
tracks/4/keys = {
"times": PoolRealArray( -0.1, 0.4 ),
"transitions": PoolRealArray( 1, 1 ),
"update": 0,
"values": [ 24, 27 ]
}
tracks/5/type = "value"
tracks/5/path = NodePath("body/skin:modulate")
tracks/5/interp = 1
tracks/5/loop_wrap = true
tracks/5/imported = false
tracks/5/enabled = true
tracks/5/keys = {
"times": PoolRealArray( 3, 10 ),
"transitions": PoolRealArray( 1, 1 ),
"update": 0,
"values": [ Color( 1, 1, 1, 1 ), Color( 1, 0, 0, 0 ) ]
}

[sub_resource type="Animation" id=7]
resource_name = "die3"
length = 10.0
tracks/0/type = "value"
tracks/0/path = NodePath("blood_splatter:emitting")
tracks/0/interp = 1
tracks/0/loop_wrap = true
tracks/0/imported = false
tracks/0/enabled = true
tracks/0/keys = {
"times": PoolRealArray( 0.1, 1 ),
"transitions": PoolRealArray( 1, 1 ),
"update": 1,
"values": [ true, false ]
}
tracks/1/type = "value"
tracks/1/path = NodePath("blood_splatter:amount")
tracks/1/interp = 1
tracks/1/loop_wrap = true
tracks/1/imported = false
tracks/1/enabled = true
tracks/1/keys = {
"times": PoolRealArray( 0.1 ),
"transitions": PoolRealArray( 1 ),
"update": 1,
"values": [ 128 ]
}
tracks/2/type = "method"
tracks/2/path = NodePath(".")
tracks/2/interp = 1
tracks/2/loop_wrap = true
tracks/2/imported = false
tracks/2/enabled = true
tracks/2/keys = {
"times": PoolRealArray( 10 ),
"transitions": PoolRealArray( 1 ),
"values": [ {
"args": [  ],
"method": "queue_free"
} ]
}
tracks/3/type = "value"
tracks/3/path = NodePath("blood_splatter:explosiveness")
tracks/3/interp = 1
tracks/3/loop_wrap = true
tracks/3/imported = false
tracks/3/enabled = true
tracks/3/keys = {
"times": PoolRealArray( 0.1 ),
"transitions": PoolRealArray( 1 ),
"update": 0,
"values": [ 0.99 ]
}
tracks/4/type = "value"
tracks/4/path = NodePath("body/skin:frame")
tracks/4/interp = 1
tracks/4/loop_wrap = true
tracks/4/imported = false
tracks/4/enabled = true
tracks/4/keys = {
"times": PoolRealArray( -0.1, 0.4 ),
"transitions": PoolRealArray( 1, 1 ),
"update": 0,
"values": [ 24, 27 ]
}
tracks/5/type = "value"
tracks/5/path = NodePath("body/skin:modulate")
tracks/5/interp = 1
tracks/5/loop_wrap = true
tracks/5/imported = false
tracks/5/enabled = true
tracks/5/keys = {
"times": PoolRealArray( 3, 10 ),
"transitions": PoolRealArray( 1, 1 ),
"update": 0,
"values": [ Color( 1, 1, 1, 1 ), Color( 1, 0, 0, 0 ) ]
}

[sub_resource type="Animation" id=8]
resource_name = "die4"
length = 10.0
tracks/0/type = "value"
tracks/0/path = NodePath("blood_splatter:emitting")
tracks/0/interp = 1
tracks/0/loop_wrap = true
tracks/0/imported = false
tracks/0/enabled = true
tracks/0/keys = {
"times": PoolRealArray( 0.1, 1 ),
"transitions": PoolRealArray( 1, 1 ),
"update": 1,
"values": [ true, false ]
}
tracks/1/type = "value"
tracks/1/path = NodePath("blood_splatter:amount")
tracks/1/interp = 1
tracks/1/loop_wrap = true
tracks/1/imported = false
tracks/1/enabled = true
tracks/1/keys = {
"times": PoolRealArray( 0.1 ),
"transitions": PoolRealArray( 1 ),
"update": 1,
"values": [ 128 ]
}
tracks/2/type = "method"
tracks/2/path = NodePath(".")
tracks/2/interp = 1
tracks/2/loop_wrap = true
tracks/2/imported = false
tracks/2/enabled = true
tracks/2/keys = {
"times": PoolRealArray( 10 ),
"transitions": PoolRealArray( 1 ),
"values": [ {
"args": [  ],
"method": "queue_free"
} ]
}
tracks/3/type = "value"
tracks/3/path = NodePath("blood_splatter:explosiveness")
tracks/3/interp = 1
tracks/3/loop_wrap = true
tracks/3/imported = false
tracks/3/enabled = true
tracks/3/keys = {
"times": PoolRealArray( 0.1 ),
"transitions": PoolRealArray( 1 ),
"update": 0,
"values": [ 0.99 ]
}
tracks/4/type = "value"
tracks/4/path = NodePath("body/skin:frame")
tracks/4/interp = 1
tracks/4/loop_wrap = true
tracks/4/imported = false
tracks/4/enabled = true
tracks/4/keys = {
"times": PoolRealArray( -0.1, 0.4 ),
"transitions": PoolRealArray( 1, 1 ),
"update": 0,
"values": [ 24, 27 ]
}
tracks/5/type = "value"
tracks/5/path = NodePath("body/skin:modulate")
tracks/5/interp = 1
tracks/5/loop_wrap = true
tracks/5/imported = false
tracks/5/enabled = true
tracks/5/keys = {
"times": PoolRealArray( 3.1, 10 ),
"transitions": PoolRealArray( 1, 1 ),
"update": 0,
"values": [ Color( 1, 1, 1, 1 ), Color( 1, 0, 0, 0 ) ]
}

[sub_resource type="Animation" id=9]
resource_name = "idle"
length = 0.1
tracks/0/type = "value"
tracks/0/path = NodePath("body/skin:frame")
tracks/0/interp = 1
tracks/0/loop_wrap = true
tracks/0/imported = false
tracks/0/enabled = true
tracks/0/keys = {
"times": PoolRealArray( 0 ),
"transitions": PoolRealArray( 1 ),
"update": 1,
"values": [ 0 ]
}

[sub_resource type="Animation" id=10]
length = 0.2
tracks/0/type = "value"
tracks/0/path = NodePath(".:modulate")
tracks/0/interp = 1
tracks/0/loop_wrap = true
tracks/0/imported = false
tracks/0/enabled = true
tracks/0/keys = {
"times": PoolRealArray( 0, 0.1, 0.2 ),
"transitions": PoolRealArray( 1, 1, 1 ),
"update": 0,
"values": [ Color( 1, 1, 1, 1 ), Color( 0.635294, 0.0941176, 0.0196078, 1 ), Color( 1, 1, 1, 1 ) ]
}
tracks/1/type = "value"
tracks/1/path = NodePath("blood_splatter:amount")
tracks/1/interp = 1
tracks/1/loop_wrap = true
tracks/1/imported = false
tracks/1/enabled = true
tracks/1/keys = {
"times": PoolRealArray( 0 ),
"transitions": PoolRealArray( 1 ),
"update": 1,
"values": [ 32 ]
}

[sub_resource type="Animation" id=11]
length = 0.2
tracks/0/type = "value"
tracks/0/path = NodePath(".:modulate")
tracks/0/interp = 1
tracks/0/loop_wrap = true
tracks/0/imported = false
tracks/0/enabled = true
tracks/0/keys = {
"times": PoolRealArray( 0, 0.1, 0.2 ),
"transitions": PoolRealArray( 1, 1, 1 ),
"update": 0,
"values": [ Color( 1, 1, 1, 1 ), Color( 0.396078, 0.396078, 0.388235, 1 ), Color( 1, 1, 1, 1 ) ]
}
tracks/1/type = "value"
tracks/1/path = NodePath("blood_splatter:amount")
tracks/1/interp = 1
tracks/1/loop_wrap = true
tracks/1/imported = false
tracks/1/enabled = true
tracks/1/keys = {
"times": PoolRealArray( 0 ),
"transitions": PoolRealArray( 1 ),
"update": 1,
"values": [ 8 ]
}

[sub_resource type="Animation" id=12]
length = 0.2
tracks/0/type = "value"
tracks/0/path = NodePath(".:modulate")
tracks/0/interp = 1
tracks/0/loop_wrap = true
tracks/0/imported = false
tracks/0/enabled = true
tracks/0/keys = {
"times": PoolRealArray( 0, 0.1, 0.2 ),
"transitions": PoolRealArray( 1, 1, 1 ),
"update": 0,
"values": [ Color( 1, 1, 1, 1 ), Color( 0.47451, 0.247059, 0.00784314, 1 ), Color( 1, 1, 1, 1 ) ]
}
tracks/1/type = "value"
tracks/1/path = NodePath("blood_splatter:amount")
tracks/1/interp = 1
tracks/1/loop_wrap = true
tracks/1/imported = false
tracks/1/enabled = true
tracks/1/keys = {
"times": PoolRealArray( 0 ),
"transitions": PoolRealArray( 1 ),
"update": 1,
"values": [ 16 ]
}

[sub_resource type="Animation" id=13]
length = 0.8
tracks/0/type = "value"
tracks/0/path = NodePath("body/skin:frame")
tracks/0/interp = 1
tracks/0/loop_wrap = true
tracks/0/imported = false
tracks/0/enabled = true
tracks/0/keys = {
"times": PoolRealArray( -0.1, 0.7 ),
"transitions": PoolRealArray( 1, 1 ),
"update": 0,
"values": [ 0, 7 ]
}

[sub_resource type="CanvasItemMaterial" id=14]

[sub_resource type="CircleShape2D" id=15]
radius = 617.413

[sub_resource type="CircleShape2D" id=16]
radius = 31.5913

[node name="Enemy" type="KinematicBody2D" groups=[
"Enemies",
]]
collision_mask = 17
script = ExtResource( 2 )

[node name="body" type="CollisionPolygon2D" parent="."]
position = Vector2( -2.47734, -0.59874 )
polygon = PoolVector2Array( -10.4997, 0.724553, 2.54079, 21.2596, 2.3909, -16.6628 )

[node name="skin" type="Sprite" parent="body"]
position = Vector2( 3.35218, 1.55597 )
rotation = -1.5708
texture = ExtResource( 1 )
vframes = 4
hframes = 10

[node name="shadow" type="LightOccluder2D" parent="body"]
position = Vector2( 0.71698, 0.716972 )
rotation = -1.5708
occluder = SubResource( 1 )

[node name="Animator" type="AnimationPlayer" parent="."]
method_call_mode = 1
anims/attacking1 = SubResource( 2 )
anims/attacking2 = SubResource( 3 )
anims/attacking3 = SubResource( 4 )
anims/die1 = SubResource( 5 )
anims/die2 = SubResource( 6 )
anims/die3 = SubResource( 7 )
anims/die4 = SubResource( 8 )
anims/idle = SubResource( 9 )
anims/take_damage_dying = SubResource( 10 )
anims/take_damage_healthy = SubResource( 11 )
anims/take_damage_hurt = SubResource( 12 )
anims/walking = SubResource( 13 )

[node name="blood_splatter" type="Particles2D" parent="."]
material = SubResource( 14 )
position = Vector2( -2.21063, 0.182781 )
scale = Vector2( 2.5, 2.5 )
emitting = false
lifetime = 0.55
one_shot = true
explosiveness = 0.99
randomness = 0.5
process_material = ExtResource( 3 )

[node name="line_of_sight" type="Area2D" parent="."]
visible = false
collision_mask = 16

[node name="vision" type="RayCast2D" parent="line_of_sight"]
enabled = true
collision_mask = 16384

[node name="radius" type="CollisionShape2D" parent="line_of_sight"]
shape = SubResource( 15 )

[node name="personal_space" type="Area2D" parent="."]

[node name="radius" type="CollisionShape2D" parent="personal_space"]
shape = SubResource( 16 )

[node name="Line2D" type="Line2D" parent="."]
points = PoolVector2Array( 0, 0, 0, 0 )

[node name="look_around_timer" type="Timer" parent="."]
autostart = true
[connection signal="body_entered" from="line_of_sight" to="." method="_on_line_of_sight_body_entered"]
[connection signal="body_exited" from="line_of_sight" to="." method="_on_line_of_sight_body_exited"]
[connection signal="timeout" from="look_around_timer" to="." method="_on_look_around_timer_timeout"]
